@incollection{Bannister_2015,
  doi = {10.1016/b978-0-08-097086-8.61295-3},
  url = {http://dx.doi.org/10.1016/b978-0-08-097086-8.61295-3},
  year = {2015},
  publisher = {Elsevier {BV}},
  pages = {689--695},
  author = {Robert Bannister},
  title = {{Sumner William (1840{\textendash}1910)}},
  booktitle = {International Encyclopedia of the Social {\&} Behavioral Sciences},
}
